<record><leader>00000cas a22000007a 4500</leader><controlfield tag="001">17394801</controlfield><controlfield tag="008">880126d19171918maudn ne      0    0eng d</controlfield><datafield ind1=" " ind2=" " tag="010"><subfield code="a">sn 88086006 </subfield></datafield><datafield ind1=" " ind2=" " tag="040"><subfield code="a">NPV</subfield><subfield code="b">eng</subfield><subfield code="c">NPV</subfield><subfield code="d">MGN</subfield><subfield code="d">OCLCQ</subfield></datafield><datafield ind1=" " ind2=" " tag="042"><subfield code="a">msc</subfield></datafield><datafield ind1="0" ind2=" " tag="130"><subfield code="a">Daily news (Ayer, Mass.)</subfield></datafield><datafield ind1="1" ind2="0" tag="245"><subfield code="a">Daily news.</subfield></datafield><datafield ind1="3" ind2="0" tag="246"><subfield code="a">Camp Devens news</subfield></datafield><datafield ind1="3" ind2="0" tag="246"><subfield code="a">News of Camp Devens</subfield></datafield><datafield ind1=" " ind2=" " tag="260"><subfield code="a">Ayer, Mass. :</subfield><subfield code="b">Daily News Co.</subfield></datafield><datafield ind1=" " ind2=" " tag="300"><subfield code="a">v.</subfield></datafield><datafield ind1=" " ind2=" " tag="310"><subfield code="a">Daily (except Sun.)</subfield></datafield><datafield ind1="1" ind2=" " tag="362"><subfield code="a">Began in 1917? Ceased in 1918?</subfield></datafield><datafield ind1=" " ind2=" " tag="500"><subfield code="a">At head of title: Camp Devens news, &lt;Sept. 24&gt;-Oct. 26, 1917; News of Camp Devens, Oct. 27-&lt;Nov. 17, 1917&gt;.</subfield></datafield><datafield ind1=" " ind2=" " tag="500"><subfield code="a">On masthead: Published at Fitchburg, Mass.</subfield></datafield><datafield ind1=" " ind2=" " tag="588"><subfield code="a">Description based on: Vol. 29, no. 33 (Aug. 9, 1917).</subfield></datafield><datafield ind1=" " ind2=" " tag="752"><subfield code="a">United States</subfield><subfield code="b">Massachusetts</subfield><subfield code="c">Middlesex</subfield><subfield code="d">Ayer.</subfield></datafield><datafield ind1=" " ind2=" " tag="752"><subfield code="a">United States</subfield><subfield code="b">Massachusetts</subfield><subfield code="c">Worcester</subfield><subfield code="d">Fitchburg.</subfield></datafield><datafield ind1="0" ind2=" " tag="775"><subfield code="t">Daily news (Fitchburg, Mass.)</subfield><subfield code="w">(DLC)sn 93059380</subfield></datafield></record>